@book{Awo,
  title           = {Category Theory},
  author          = {Steve Awodey},
  year            = 2010,
  publisher       = {Oxford University Press},
  edition         = {Second Edition},
}

@article{GK,
  title           = {On the Universal Module of {$p$}-Adic Spherical Hecke
                  Algebras},
  author          = {Elmar Große-Klönne},
  pages           = {632--641},
}

@book{GalCoh,
  title           = {Galois Cohomology},
  author          = {Jean-Pierre Serre},
  year            = 2002,
  publisher       = {Springer},
  translator      = {Patrick Ion},
}

@book{Jan,
  title           = {Representations of Algebraic Groups},
  author          = {Jens Carsten Jantzen},
  year            = 2003,
  publisher       = {American Mathematical Society},
  edition         = {Second Edition},
}

@article{PT,
  title           = {Bernstein-Gelfand-Gelfand complexes and cohomology of
                  nilpotent groups over {$\Z_{p}$} for representations with
                  {$p$}-small weights},
  author          = {P. Polo and J. Tilouine},
}

@book{Profinite,
  title           = {Profinite Groups},
  author          = {Luis Ribes and Pavel Zalesskii},
  year            = 2010,
  publisher       = {Springer},
  edition         = {Second Edition},
}

@article{Ron,
  title           = {On the cohomology of integral {$p$}-adic unipotent
                  radicals},
  author          = {Nicocolò Ronchetti},
}

@book{Rot,
  title           = {An Introduction to Homological Algebra},
  author          = {Joseph J. Rotman},
  year            = 2009,
  publisher       = {Springer},
  edition         = {Second Edition},
}

@book{Sch,
  title           = {{$p$}-Adic Lie Groups},
  author          = {Peter Schneider},
  year            = 2011,
  publisher       = {Springer},
}

@book{Ser,
  title           = {Local Fields},
  author          = {Jean-Pierre Serre},
  year            = 1979,
  publisher       = {Springer},
  translator      = {Marvin Jay Greenberg},
}

@article{Sor,
  title           = {Hochschild Cohomology and {$p$}-Adic Lie Groups},
  author          = {Claus Sørensen},
}

@book{Wei,
  title           = {An Introduction to Homological Algebra},
  author          = {Charles A. Weibel},
  year            = 1994,
  publisher       = {Cambridge University Press},
}
